[gd_scene load_steps=9 format=2]

[ext_resource path="res://ButtonFont.tres" type="DynamicFont" id=1]
[ext_resource path="res://resources/MainMenu.gdns" type="Script" id=2]
[ext_resource path="res://resources/CourseLoader.gdns" type="Script" id=3]
[ext_resource path="res://scenes/courses/01 Easy Course.tscn" type="PackedScene" id=4]
[ext_resource path="res://resources/LabelFont.tres" type="DynamicFont" id=5]
[ext_resource path="res://scenes/SettingsMenu.tscn" type="PackedScene" id=6]
[ext_resource path="res://music/title.ogg" type="AudioStream" id=7]

[sub_resource type="Resource" id=1]
resource_name = "CourseLoader"
script = ExtResource( 3 )
packed_course = ExtResource( 4 )
course_name = "Easy Course"

[node name="MainMenu" type="CanvasLayer"]
pause_mode = 2
layer = 2
script = ExtResource( 2 )
course_loaders = [ SubResource( 1 ) ]

[node name="Panel" type="Panel" parent="."]
anchor_left = 0.5
anchor_top = 0.5
anchor_right = 0.5
anchor_bottom = 0.5
margin_left = -200.0
margin_top = -200.0
margin_right = 200.0
margin_bottom = 200.0
__meta__ = {
"_edit_use_anchors_": false
}

[node name="VBoxContainer" type="VBoxContainer" parent="Panel"]
anchor_right = 1.0
anchor_bottom = 1.0
margin_left = 24.0
margin_top = 24.0
margin_right = -24.0
margin_bottom = -24.1667
alignment = 1
__meta__ = {
"_edit_use_anchors_": false
}

[node name="Label" type="Label" parent="Panel/VBoxContainer"]
margin_top = 84.0
margin_right = 352.0
margin_bottom = 141.0
grow_horizontal = 2
grow_vertical = 2
custom_fonts/font = ExtResource( 5 )
text = "Gravity Core"
align = 1
valign = 1

[node name="HSeparator" type="HSeparator" parent="Panel/VBoxContainer"]
margin_top = 145.0
margin_right = 352.0
margin_bottom = 149.0
grow_horizontal = 2
grow_vertical = 2

[node name="ChooseCourse" type="Button" parent="Panel/VBoxContainer"]
margin_top = 153.0
margin_right = 352.0
margin_bottom = 188.0
custom_fonts/font = ExtResource( 1 )
text = "Choose Course"

[node name="Settings" type="Button" parent="Panel/VBoxContainer"]
margin_top = 192.0
margin_right = 352.0
margin_bottom = 227.0
custom_fonts/font = ExtResource( 1 )
text = "Settings"

[node name="Exit" type="Button" parent="Panel/VBoxContainer"]
margin_top = 231.0
margin_right = 352.0
margin_bottom = 266.0
custom_fonts/font = ExtResource( 1 )
text = "Exit"

[node name="ChooseCourse" type="Panel" parent="."]
visible = false
anchor_left = 0.5
anchor_top = 0.5
anchor_right = 0.5
anchor_bottom = 0.5
margin_left = -200.0
margin_top = -200.0
margin_right = 200.0
margin_bottom = 200.0
__meta__ = {
"_edit_use_anchors_": false
}

[node name="VBoxContainer" type="VBoxContainer" parent="ChooseCourse"]
anchor_right = 1.0
anchor_bottom = 1.0
margin_left = 24.0
margin_top = 24.0
margin_right = -24.0
margin_bottom = -24.1667
alignment = 1
__meta__ = {
"_edit_use_anchors_": false
}

[node name="Label" type="Label" parent="ChooseCourse/VBoxContainer"]
margin_top = 119.0
margin_right = 352.0
margin_bottom = 176.0
grow_horizontal = 2
grow_vertical = 2
custom_fonts/font = ExtResource( 5 )
text = "Choose Course"
align = 1
valign = 1

[node name="HSeparator" type="HSeparator" parent="ChooseCourse/VBoxContainer"]
margin_top = 180.0
margin_right = 352.0
margin_bottom = 184.0
grow_horizontal = 2
grow_vertical = 2

[node name="Back" type="Button" parent="ChooseCourse/VBoxContainer"]
margin_top = 188.0
margin_right = 352.0
margin_bottom = 232.0
custom_fonts/font = ExtResource( 1 )
text = "Back"

[node name="SettingsMenu" parent="." instance=ExtResource( 6 )]
visible = false

[node name="AudioStreamPlayer" type="AudioStreamPlayer" parent="."]
stream = ExtResource( 7 )
autoplay = true
[connection signal="pressed" from="Panel/VBoxContainer/ChooseCourse" to="." method="show_courses"]
[connection signal="pressed" from="Panel/VBoxContainer/Settings" to="." method="show_settings"]
[connection signal="pressed" from="Panel/VBoxContainer/Exit" to="." method="exit"]
[connection signal="pressed" from="ChooseCourse/VBoxContainer/Back" to="." method="setup"]
[connection signal="exit" from="SettingsMenu" to="." method="setup"]
